<record><leader>00000cas a2200000 a 4500</leader><controlfield tag="001">31718051</controlfield><controlfield tag="008">941219d19421942caucr ne      0    0eng c</controlfield><datafield ind1=" " ind2=" " tag="010"><subfield code="a">sn 94052751 </subfield></datafield><datafield ind1=" " ind2=" " tag="040"><subfield code="a">CUY</subfield><subfield code="b">eng</subfield><subfield code="c">CNK</subfield><subfield code="d">OCLCQ</subfield><subfield code="d">OCLCO</subfield><subfield code="d">COD</subfield></datafield><datafield ind1=" " ind2=" " tag="042"><subfield code="a">pcc</subfield></datafield><datafield ind1=" " ind2=" " tag="043"><subfield code="a">n-us-ca</subfield></datafield><datafield ind1=" " ind2="4" tag="050"><subfield code="a">D769.8.A6</subfield><subfield code="b">J63</subfield></datafield><datafield ind1="0" ind2=" " tag="086"><subfield code="a">I 52.2:J 57s</subfield></datafield><datafield ind1="0" ind2=" " tag="130"><subfield code="a">Joaquin (Stockton, Calif.)</subfield></datafield><datafield ind1="1" ind2="3" tag="245"><subfield code="a">El Joaquin.</subfield></datafield><datafield ind1=" " ind2=" " tag="260"><subfield code="a">[Stockton, Calif.] :</subfield><subfield code="b">Stockton Assembly Center,</subfield><subfield code="c">1942</subfield></datafield><datafield ind1=" " ind2=" " tag="300"><subfield code="a">v. :</subfield><subfield code="b">ill ; 36 cm.</subfield></datafield><datafield ind1=" " ind2=" " tag="310"><subfield code="a">Semiweekly</subfield></datafield><datafield ind1="0" ind2=" " tag="362"><subfield code="a">Vol. 1, no. 1 (May 30, 1942)-Sept. 28, 1942.</subfield></datafield><datafield ind1=" " ind2=" " tag="515"><subfield code="a">Issue for Sept. 28, 1942 unnumbered; called Final ed.</subfield></datafield><datafield ind1=" " ind2="0" tag="650"><subfield code="a">Japanese Americans</subfield><subfield code="x">Evacuation and relocation, 1942-1945</subfield><subfield code="v">Newspapers.</subfield></datafield><datafield ind1="2" ind2="0" tag="610"><subfield code="a">Stockton Assembly Center (Stockton, Calif.)</subfield><subfield code="v">Newspapers.</subfield></datafield><datafield ind1="2" ind2=" " tag="710"><subfield code="a">Stockton Assembly Center (Stockton, Calif.)</subfield></datafield><datafield ind1=" " ind2=" " tag="752"><subfield code="a">United States</subfield><subfield code="b">California</subfield><subfield code="c">San Joaquin</subfield><subfield code="d">Stockton.</subfield></datafield><datafield ind1="1" ind2=" " tag="029"><subfield code="a">AU@</subfield><subfield code="b">000011501171</subfield></datafield></record>